@ARTICLE{Kovacs2022-rf,
  title     = "Staged compilation with two-level type theory",
  author    = "Kov\'{a}cs, Andr\'{a}s",
  journal   = "Proc. ACM Program. Lang.",
  publisher = "Association for Computing Machinery (ACM)",
  volume    =  6,
  number    = "ICFP",
  pages     = "540--569",
  month     =  "29~" # aug,
  year      =  2022,
  url       = "https://dl.acm.org/doi/10.1145/3547641",
  keywords  = "unboxed-types-2025",
  language  = "en"
}

@ARTICLE{Kovacs2024-hn,
  title     = "Closure-free functional programming in a two-level type theory",
  author    = "Kov\'{a}cs, Andr\'{a}s",
  journal   = "Proc. ACM Program. Lang.",
  publisher = "Association for Computing Machinery (ACM)",
  volume    =  8,
  number    = "ICFP",
  pages     = "659--692",
  month     =  "15~" # aug,
  year      =  2024,
  url       = "https://dl.acm.org/doi/10.1145/3674648",
  keywords  = "unboxed-types-2025",
  language  = "en"
}

@ARTICLE{Annenkov2023-vk,
  title     = "Two-level type theory and applications",
  author    = "Annenkov, Danil and Capriotti, Paolo and Kraus, Nicolai and
               Sattler, Christian",
  journal   = "Math. Struct. Comput. Sci.",
  publisher = "Cambridge University Press (CUP)",
  volume    =  33,
  number    =  8,
  pages     = "688--743",
  month     =  sep,
  year      =  2023,
  url       = "https://www.cambridge.org/core/services/aop-cambridge-core/content/view/4914DB4F8E8305DFC68F9CDCA9D0C8D0/S0960129523000130a.pdf/div-class-title-two-level-type-theory-and-applications-div.pdf",
  keywords  = "two-level type theory; 2LTT; homotopy type system; homotopy type
               theory; conservativity; higher category;unboxed-types-2025",
  language  = "en"
}

@ARTICLE{Allais2023-zq,
  title         = "Seamless, Correct, and Generic Programming over Serialised
                   Data",
  author        = "Allais, Guillaume",
  journal       = "arXiv [cs.PL]",
  month         =  "20~" # oct,
  year          =  2023,
  url           = "http://arxiv.org/abs/2310.13441",
  archivePrefix = "arXiv",
  primaryClass  = "cs.PL",
  keywords      = "unboxed-types-2025;representation"
}

@INPROCEEDINGS{Altenkirch2016-zc,
  title     = "Type theory in type theory using quotient inductive types",
  author    = "Altenkirch, Thorsten and Kaposi, Ambrus",
  booktitle = "Proceedings of the 43rd Annual ACM SIGPLAN-SIGACT Symposium on
               Principles of Programming Languages",
  publisher = "Association for Computing Machinery",
  address   = "New York, NY, USA",
  pages     = "18--29",
  series    = "POPL '16",
  month     =  "11~" # jan,
  year      =  2016,
  url       = "https://doi.org/10.1145/2837614.2837638",
  keywords  = "Metaprogramming, Homotopy Type Theory, Agda, Logical Relations,
               Higher Inductive Types;reading;unboxed-types-2025;hott;data-types"
}

@ARTICLE{Yallop2018-zw,
  title     = "Partially-static data as free extension of algebras",
  author    = "Yallop, Jeremy and von Glehn, Tamara and Kammar, Ohad",
  journal   = "Proc. ACM Program. Lang.",
  publisher = "Association for Computing Machinery",
  address   = "New York, NY, USA",
  volume    =  2,
  number    = "ICFP",
  pages     = "1--30",
  month     =  "30~" # jul,
  year      =  2018,
  url       = "https://doi.org/10.1145/3236795",
  keywords  = "universal algebra, partially-static data, partial evaluation,
               multi-stage compilation, metaprogramming;unboxed-types-2025"
}

@ARTICLE{Downen2024-nk,
  title     = "Call-by-unboxed-value",
  author    = "Downen, Paul",
  journal   = "Proc. ACM Program. Lang.",
  publisher = "Association for Computing Machinery (ACM)",
  volume    =  8,
  number    = "ICFP",
  pages     = "845--879",
  month     =  "21~" # aug,
  year      =  2024,
  url       = "https://dl.acm.org/doi/10.1145/3674654",
  keywords  = "unboxed-types-2025",
  language  = "en"
}

@MISC{rust-option,
  title        = "std::option - {Rust}",
  howpublished = "\url{https://doc.rust-lang.org/std/option/}",
  note         = "Accessed: 2025-3-7",
  keywords     = "unboxed-types-2025",
  language     = "en"
}

@INCOLLECTION{Jones1991-ik,
  title     = "Unboxed values as first class citizens in a non-strict functional
               language",
  author    = "Jones, Simon L Peyton and Launchbury, John",
  booktitle = "Functional Programming Languages and Computer Architecture",
  publisher = "Springer Berlin Heidelberg",
  address   = "Berlin, Heidelberg",
  pages     = "636--666",
  series    = "Lecture notes in computer science",
  year      =  1991,
  url       = "https://dl.acm.org/doi/10.5555/645420.652528",
  keywords  = "unboxed-types-2025",
  language  = "en"
}
